% Encoding: UTF-8 

@inproceedings{aegis,
 author = {Suh, G. Edward and Clarke, Dwaine and Gassend, Blaise and van Dijk, Marten and Devadas, Srinivas},
 title = {AEGIS: Architecture for Tamper-evident and Tamper-resistant Processing},
 booktitle = {Proceedings of the 17th Annual International Conference on Supercomputing},
 series = {ICS '03},
 year = {2003},
 isbn = {1-58113-733-8},
 location = {San Francisco, CA, USA},
 pages = {160--171},
 
}

@Article{allan2008,
  author =        {Tomlinson, A.},
  title =         {Introduction to the TPM},
  journal =       {Smart Cards, Tokens, Security and Applications},
  year =          {2008},
  pages =         {155--172},
  __markedentry = {[myu:]},
  publisher =     {Springer}
}

@Manual{amazon_spammers,
  title =         {Amazon: Hey Spammers, Get Off My Cloud!},
  author =        {Brian Krebs},
  note =          {\url{http://blog.washingtonpost.com/securityfix/2008/07/amazon\_hey_spammers\_get\_off\_my.html}},
  __markedentry = {[myu:]}
}

@Misc{amd,
  author =        {{Advanced Micro Devices}},
  title =         {{AMD64 Architecture Programmerâ€™s Manual Volume 2: System Programming}},
  month =         {December},
  year =          {2011},
  __markedentry = {[myu:]},
  number =        {24593}
}

@Misc{amd_vi,
  author =        {{Advanced Micro Devices}},
  title =         {{AMD I/O Virtualization Technology (IOMMU) Specification}},
  month =         {February},
  year =          {2009},
  __markedentry = {[myu:]},
  number =        {34434}
} 

@inproceedings{Andersen:2014,
 author = {Andersen, Anders},
 title = {SNOOP: Privacy Preserving Middleware for Secure Multi-party Computations},
 booktitle = {Proceedings of the 13th Workshop on Adaptive and Reflective Middleware},
 series = {ARM '14},
 year = {2014},
 isbn = {978-1-4503-3232-3},
 location = {Bordeaux, France},
 pages = {8:1--8:6},
 articleno = {8},
 numpages = {6},
 url = {http://doi.acm.org/10.1145/2677017.2677025},
 doi = {10.1145/2677017.2677025},
 acmid = {2677025},
 publisher = {ACM},
 address = {New York, NY, USA},
 keywords = {PKI, adaption, computation, graphs, middleware, public key, secure multiparty computations},
}

@Misc{azure,
  author =        {Azure},
  title =         {http://www.windowsazure.com/en-us/},
  __markedentry = {[myu:]},
  organization =  {Mirosoft Inc.}
} 

@INPROCEEDINGS{ bastion,
AUTHOR = "David Champagne and Ruby B. Lee",
TITLE = "Scalable architectural support for trusted software",
BOOKTITLE = "HPCA'10",
PAGES = {1-12},
YEAR = {2010}, 
}

@InProceedings{BaumannPeinadoHunt2014,
  author =        {Andrew Baumann and Marcus Peinado and Galen Hunt},
  title =         {Shielding Applications from an Untrusted Cloud with Haven},
  booktitle =     {11th USENIX Symposium on Operating Systems Design and Implementation (OSDI 14)},
  year =          {2014},
  pages =         {267--283},
  address =       {Broomfield, CO},
  month =         Oct,
  publisher =     {USENIX Association},
  __markedentry = {[myu:6]},
  isbn =          { 978-1-931971-16-4},
  url =           {https://www.usenix.org/conference/osdi14/technical-sessions/presentation/baumann}
} 


@inproceedings{Belpaire1975,
 author = {Belpaire, Gerald and Hsu, Nai-Ting},
 title = {Formal Properties of Recursive Virtual Machine Architectures.},
 booktitle = {Proceedings of the Fifth ACM Symposium on Operating Systems Principles},
 series = {SOSP '75},
 year = {1975},
 location = {Austin, Texas, USA},
 pages = {89--96},
 numpages = {8},
 url = {http://doi.acm.org/10.1145/800213.806526},
 doi = {10.1145/800213.806526},
 acmid = {806526},
 publisher = {ACM},
 address = {New York, NY, USA},
 keywords = {Architecture, Formal requirements, Operating systems, Virtual machine, Virtual machine monitor},
} 

@article{Belpaire1975a,
  author    = {Gerald Belpaire},
  title     = {Synchronization: Is a synthesis of the problems possible?},
  journal   = {Operating Systems Review},
  volume    = {9},
  number    = {3},
  year      = {1975},
  pages     = {3-10}

}
@inproceedings{Ben-David:2008,
 author = {Ben-David, Assaf and Nisan, Noam and Pinkas, Benny},
 title = {FairplayMP: A System for Secure Multi-party Computation},
 booktitle = {Proceedings of the 15th ACM Conference on Computer and Communications Security},
 series = {CCS '08},
 year = {2008},
 isbn = {978-1-59593-810-7},
 location = {Alexandria, Virginia, USA},
 pages = {257--266},
 numpages = {10},
 url = {http://doi.acm.org/10.1145/1455770.1455804},
 doi = {10.1145/1455770.1455804},
 acmid = {1455804},
 publisher = {ACM},
 address = {New York, NY, USA},
 keywords = {cryptography, secure multi-party computation},
}

@Manual{breaching2010,
  title =         {CNET News. Google fired engineer for privacy breach},
  author =        {Krazit, Tom},
  note =          {\url{http://news.cnet.com/8301-30684_3-20016451-265.html}},
  __markedentry = {[myu:]}
}

@InProceedings{Butt2012,
  author =        {Butt, Shakeel and Lagar-Cavilla, H. Andr{\'e}s and Srivastava, Abhinav and Ganapathy, Vinod},
  title =         {Self-service cloud computing},
  booktitle =     {Proceedings of the 2012 ACM conference on Computer and communications security},
  year =          {2012},
  series =        {CCS '12},
  pages =         {253--264},
  address =       {New York, NY, USA},
  publisher =     {ACM},
  __markedentry = {[myu:]},
  acmid =         {2382226},
  doi =           {10.1145/2382196.2382226},
  isbn =          {978-1-4503-1651-4},
  keywords =      {cloud computing, privacy, security, trust},
  location =      {Raleigh, North Carolina, USA},
  numpages =      {12},
  url =           {http://doi.acm.org/10.1145/2382196.2382226}
}

@InProceedings{cachepoisoning,
  author =        {Wojtczuk, R and Rutkowska, J},
  title =         {Attacking SMM memory via Intel CPU cache poisoning},
  booktitle =     {Invisible Things Lab},
  year =          {2009},
  __markedentry = {[myu:]}
}

@Article{callegati2009,
  author =        {Callegati, F. and Cerroni, W. and Ramilli, M.},
  title =         {Man-in-the-Middle Attack to the HTTPS Protocol},
  journal =       {Security Privacy, IEEE},
  year =          {2009},
  volume =        {7},
  number =        {1},
  pages =         {78 -81},
  month =         {jan.-feb. },
  __markedentry = {[myu:]},
  doi =           {10.1109/MSP.2009.12},
  issn =          {1540-7993},
  keywords =      {HTTPS protocol;Web-based application;hypertext transfer protocol secure;man-in-the-middle attack;Internet;hypermedia;protocols;telecommunication security;}
}

@inproceedings{cerium,
 author = {Chen, Benjie and Morris, Robert},
 title = {Certifying Program Execution with Secure Processors},
 booktitle = {Proceedings of the 9th Conference on Hot Topics in Operating Systems - Volume 9},
 series = {HOTOS'03},
 year = {2003},
 location = {Lihue, Hawaii},
 pages = {23--23},
 numpages = {1},

}

@Misc{cf,
  author =       {Pivotal Cloud Foundry},
  title =        {http://pivotal.io/platform},
  organization = {Pivotal Cloud Foundry}
}

@inproceedings{Checkoway2013,
 author = {Checkoway, Stephen and Shacham, Hovav},
 title = {Iago Attacks: Why the System Call API is a Bad Untrusted RPC Interface},
 booktitle = {Proceedings of the Eighteenth International Conference on Architectural Support for Programming Languages and Operating Systems},
 series = {ASPLOS '13},
 year = {2013},
 isbn = {978-1-4503-1870-9},
 location = {Houston, Texas, USA},
 pages = {253--264},
 numpages = {12},
 url = {http://doi.acm.org/10.1145/2451116.2451145},
 doi = {10.1145/2451116.2451145},
 acmid = {2451145},
 publisher = {ACM},
 address = {New York, NY, USA},
 keywords = {iago attacks, overshadow, system call},
}

@TechReport{ChenZhangChenEtAl2007,
  author =        {Chen, Haibo and Zhang, Fengzhe and Chen, Cheng and Yang, Ziye and Chen, Rong and Zang, Binyu and Yew, Pen-chung and Mao, Wenbo},
  title =         {Tamper-Resistant Execution in an Untrusted Operating System Using A Virtual Machine Monitor},
  institution =   {Parallel Processing Institute, Fudan University},
  year =          {2007},
  number =        {FDUPPITR-2007-0801},
  month =         {August},
  __markedentry = {[myu:6]}
}

@InProceedings{chuang2011,
  author =        {I-Hsun Chuang and Syuan-Hao Li and Kuan-Chieh Huang and Yau-Hwang Kuo},
  title =         {An effective privacy protection scheme for cloud computing},
  booktitle =     {Advanced Communication Technology (ICACT), 2011 13th International Conference on},
  year =          {2011},
  pages =         {260 -265},
  month =         {feb.},
  __markedentry = {[myu:]},
  issn =          {1738-9445},
  keywords =      {cloud computing;cloud services;data privacy;effective privacy protection scheme;encryption algorithms;user-demand privacy requirement;cloud computing;cryptography;data privacy;user interfaces;}
}

@InProceedings{cloudburst,
  author =        { Kortchinsky, Kostya},
  title =         {Cloudburst: Hacking 3D (and Breaking Out of VMware)},
  booktitle =     {Black Hat Conference},
  year =          {2009},
  __markedentry = {[myu:]}
} 

@inproceedings{cloudvisor,
 author = {Zhang, Fengzhe and Chen, Jin and Chen, Haibo and Zang, Binyu},
 title = {CloudVisor: Retrofitting Protection of Virtual Machines in Multi-tenant Cloud with Nested Virtualization},
 booktitle = {Proceedings of the Twenty-Third ACM Symposium on Operating Systems Principles},
 series = {SOSP '11},
 year = {2011},
 isbn = {978-1-4503-0977-6},
 location = {Cascais, Portugal},
 pages = {203--216},
}

@Electronic{compilebench,
  title =         {compilebench},
  howpublished =  {\url{https://oss.oracle.com/~mason/compilebench/}},
  __markedentry = {[myu:]}
}

@Misc{coreboot,
  author =        {coreboot},
  title =         {http://coreboot.org/},
  __markedentry = {[myu:]},
  organization =  {The coreboot community}
} 


@inproceedings{Criswell2014,
 author = {Criswell, John and Dautenhahn, Nathan and Adve, Vikram},
 title = {Virtual Ghost: Protecting Applications from Hostile Operating Systems},
 booktitle = {Proceedings of the 19th International Conference on Architectural Support for Programming Languages and Operating Systems},
 series = {ASPLOS '14},
 year = {2014},
 isbn = {978-1-4503-2305-5},
 location = {Salt Lake City, Utah, USA},
 pages = {81--96},
 numpages = {16},
 url = {http://doi.acm.org/10.1145/2541940.2541986},
 doi = {10.1145/2541940.2541986},
 acmid = {2541986},
 publisher = {ACM},
 address = {New York, NY, USA},
 keywords = {control-flow integrity, inlined reference monitors, malicious operating systems, software fault isolation, software security},
}

@Misc{cve-2007-4993,
  author =        {CVE-2007-4993},
  title =         {Xen guest root escape to dom0 via pygrub.},
  __markedentry = {[myu:]}
}

@Misc{cve-2009-1244,
  author =        {CVE-2009-1244},
  title =         {Vulnerability in the virtual machine display function in VMware Workstation allows guest OS users to execute arbitrary code on host OS.},
  __markedentry = {[myu:]}
}

@Misc{cve-2009-1758,
  author =        {CVE-2009-1758},
  title =         {The hypervisor callback function in Xen, as applied to the Linux kernel 2.6.30-rc4 allows guest user applications to cause a denial of service of the guest OS by triggering a segmentation fault in certain address ranges.},
  __markedentry = {[myu:]}
}

@Misc{cve-2009-2277,
  author =        {CVE-2009-2277},
  title =         {Cross-site scripting (XSS) vulnerability in WebAccess in VMware allows attackers to inject arbitrary web script via vectors related to context data.},
  __markedentry = {[myu:]}
}

@Misc{CVE-2010-0431,
  author =        {CVE-2010-0431},
  title =         {QEMU-KVM in RedHat Enterprise Virtualization (RHEV) 2.2 and KVM 83, does not properly validate guest QXL driver pointers, which allows guest OS users to gain privileges via unspecified vectors.},
  __markedentry = {[myu:]}
}

@InProceedings{dolan2011,
  author =        {Dolan-Gavitt, B. and Leek, T. and Zhivich, M. and Giffin, J. and Wenke Lee},
  title =         {Virtuoso: Narrowing the Semantic Gap in Virtual Machine Introspection},
  booktitle =     {Security and Privacy (SP), 2011 IEEE Symposium on},
  year =          {2011},
  pages =         {297 -312},
  month =         {may},
  __markedentry = {[myu:]},
  doi =           {10.1109/SP.2011.11},
  issn =          {1081-6011},
  keywords =      {forensic memory analysis;malware analysis;operating system;virtual machine introspection;virtual machine-based intrusion detection;virtuoso;security of data;virtual machines;}
}

@Article{DPaaS,
  author =        {Song, D. and Shi, E. and Fischer, I. and Shankar, U.},
  title =         {Cloud Data Protection for the Masses},
  journal =       {Computer},
  year =          {2012},
  volume =        {45},
  number =        {1},
  pages =         {39-45},
  __markedentry = {[myu:]},
  doi =           {10.1109/MC.2012.1},
  issn =          {0018-9162},
  keywords =      {cloud computing;security of data;cloud data protection;cloud platform architecture;cloud users;maintenance;rapid development;strong data protection;Cloud computing;Computer security;Data privacy;Data security;Database systems;Network security;Privacy;Security and Privacy;aggregation;integrity;protection;verifiability}
} 

@inproceedings{Du2001,
 author = {Du, Wenliang and Atallah, Mikhail J.},
 title = {Secure Multi-party Computation Problems and Their Applications: A Review and Open Problems},
 booktitle = {Proceedings of the 2001 Workshop on New Security Paradigms},
 series = {NSPW '01},
 year = {2001},
 isbn = {1-58113-457-6},
 location = {Cloudcroft, New Mexico},
 pages = {13--22},
 numpages = {10},
 url = {http://doi.acm.org/10.1145/508171.508174},
 doi = {10.1145/508171.508174},
 acmid = {508174},
 publisher = {ACM},
 address = {New York, NY, USA},
 keywords = {privacy, secure multi-party computation},
}

@Misc{ec2,
  author =        {EC2},
  title =         {http://aws.amazon.com/ec2/},
  __markedentry = {[myu:]},
  organization =  {Amazon Inc.}
}

@Article{flicker,
  author =        {McCune, Jonathan M. and Parno, Bryan J. and Perrig, Adrian and Reiter, Michael K. and Isozaki, Hiroshi},
  title =         {Flicker: an execution infrastructure for tcb minimization},
  journal =       {SIGOPS Oper. Syst. Rev.},
  year =          {2008},
  volume =        {42},
  number =        {4},
  pages =         {315--328},
  month =         apr,
  __markedentry = {[myu:]},
  acmid =         {1352625},
  address =       {New York, NY, USA},
  doi =           {10.1145/1357010.1352625},
  issn =          {0163-5980},
  issue_date =    {May 2008},
  keywords =      {late launch, secure execution, trusted computing},
  numpages =      {14},
  publisher =     {ACM},
  url =           {http://doi.acm.org/10.1145/1357010.1352625}
}

@inproceedings{flicker,
 author = {McCune, Jonathan M. and Parno, Bryan J. and Perrig, Adrian and Reiter, Michael K. and Isozaki, Hiroshi},
 title = {Flicker: An Execution Infrastructure for Tcb Minimization},
 booktitle = {Proceedings of the 3rd ACM SIGOPS/EuroSys European Conference on Computer Systems 2008},
 series = {Eurosys '08},
 year = {2008},
 isbn = {978-1-60558-013-5},
 location = {Glasgow, Scotland UK},
 pages = {315--328},
}

@InProceedings{garfinkel2003,
  author =        {Garfinkel, T. and Rosenblum, M. and others},
  title =         {A virtual machine introspection based architecture for intrusion detection},
  booktitle =     {Proc. Network and Distributed Systems Security Symposium},
  year =          {2003},
  __markedentry = {[myu:]}
}

@Misc{grub2,
  author =        {GRUB2},
  title =         {http://www.gnu.org/software/grub/},
  __markedentry = {[myu:]},
  organization =  {GNU}
}

@inproceedings{Gu2008,
 author = {Gu, Liang and Ding, Xuhua and Deng, Robert Huijie and Xie, Bing and Mei, Hong},
 title = {Remote Attestation on Program Execution},
 booktitle = {Proceedings of the 3rd ACM Workshop on Scalable Trusted Computing},
 series = {STC '08},
 year = {2008},
 isbn = {978-1-60558-295-5},
 location = {Alexandria, Virginia, USA},
 pages = {11--20},
 numpages = {10},
 url = {http://doi.acm.org/10.1145/1456455.1456458},
 doi = {10.1145/1456455.1456458},
 acmid = {1456458},
 publisher = {ACM},
 address = {New York, NY, USA},
 keywords = {program dependency, remote attestation, trusted computing},
} 

@phdthesis{Haldar2006,
 author = {Haldar, Vivek},
 advisor = {Franz, Michael},
 title = {Semantic Remote Attestation},
 year = {2006},
 isbn = {0-542-57839-5},
 note = {AAI3209295},
 publisher = {University of California at Irvine},
 address = {Irvine, CA, USA},
}

@misc{heartbleed,
	howpublished = {{http://heartbleed.com/}},
	Url = {{http://heartbleed.com/}},
	title = {{Heartbleed}},
	tags = "Heartbleed"
}

@Article{Heiser2006,
  author =     {Heiser, Gernot and Uhlig, Volkmar and LeVasseur, Joshua},
  title =      {Are virtual-machine monitors microkernels done right?},
  journal =    {SIGOPS Oper. Syst. Rev.},
  year =       {2006},
  volume =     {40},
  number =     {1},
  pages =      {95--99},
  month =      jan,
  acmid =      {1113363},
  address =    {New York, NY, USA},
  doi =        {10.1145/1113361.1113363},
  issn =       {0163-5980},
  issue_date = {January 2006},
  numpages =   {5},
  publisher =  {ACM},
  url =        {http://doi.acm.org/10.1145/1113361.1113363}
}

@InProceedings{homomorphic,
  author =        {Boneh, Dan and Segev, Gil and Waters, Brent},
  title =         {Targeted malleability: homomorphic encryption for restricted computations},
  booktitle =     {Proceedings of the 3rd Innovations in Theoretical Computer Science Conference},
  year =          {2012},
  series =        {ITCS '12},
  pages =         {350--366},
  address =       {New York, NY, USA},
  publisher =     {ACM},
  __markedentry = {[myu:]},
  acmid =         {2090264},
  doi =           {10.1145/2090236.2090264},
  isbn =          {978-1-4503-1115-1},
  keywords =      {homomorphic encryption, non-malleable encryption},
  location =      {Cambridge, Massachusetts},
  numpages =      {17},
  url =           {http://doi.acm.org/10.1145/2090236.2090264}
}

@InProceedings{hypersentry,
  author =        {Azab, A.M. and Ning, P. and Wang, Z. and Jiang, X. and Zhang, X. and Skalsky, N.C.},
  title =         {HyperSentry: enabling stealthy in-context measurement of hypervisor integrity},
  booktitle =     {Proceedings of the 17th ACM conference on Computer and communications security},
  year =          {2010},
  pages =         {38--49},
  organization =  {ACM},
  __markedentry = {[myu:]}
}

@Misc{hyper-v,
  author =        {Hyper-V},
  title =         {http://www.microsoft.com/en-us/server-cloud/hyper-v-server/default.aspx},
  __markedentry = {[myu:]},
  organization =  {Microsoft Inc.}
}

@INPROCEEDINGS{inktag,
  author = {Owen S. Hofmann and Sangman Kim and Alan M. Dunn and Michael Z. Lee and Emmett Witchel},
  title = {Inktag: secure applications on an untrusted operating system},
  booktitle = {Proceedings of the eighteenth international conference on Architectural support for programming languages and operating system},
  year = {2013},
  series = {ASPLOS '13},
  pages = {265--278},
  address = {New York, NY, USA},
  publisher = {ACM},
}

@Misc{intel,
  author =        {{Intel Inc.}},
  title =         {IntelÂ® 64 and IA-32 Architectures Software Developer Manuals},
  year =          {2009},
  __markedentry = {[myu:]}
}

@INPROCEEDINGS{introlib,
  author = {Z. Deng and D. Xu and X. Zhang and X. Jiang},
  title = {Introlib: Efficient and transparent library call introspection for malware forensics},
  booktitle = {Digital Investigation},
  year = {2012},
  volumn = {9},
  number = {0},
  pages = {96--112},
}

@InProceedings{iscsi,
  author =        {Meth, Kalman Z. and Satran, Julian},
  title =         {Design of the iSCSI Protocol},
  booktitle =     {Proceedings of the 20 th IEEE/11 th NASA Goddard Conference on Mass Storage Systems and Technologies (MSS'03)},
  year =          {2003},
  series =        {MSS '03},
  pages =         {116--},
  address =       {Washington, DC, USA},
  publisher =     {IEEE Computer Society},
  __markedentry = {[myu:]},
  acmid =         {824989},
  isbn =          {0-7695-1914-8},
  url =           {http://dl.acm.org/citation.cfm?id=824467.824989}
}

@InProceedings{kauer2011,
  author =        {Kauer, B. and Verissimo, P. and Bessani, A.},
  title =         {Recursive virtual machines for advanced security mechanisms},
  booktitle =     {Dependable Systems and Networks Workshops (DSN-W), 2011 IEEE/IFIP 41st International Conference on},
  year =          {2011},
  pages =         {117--122},
  organization =  {IEEE},
  __markedentry = {[myu:]}
}



@inproceedings{kundra,
  author    = {KUNDRA, V.},
  title     = {Federal cloud computing strategy},
  year      = {2011},
  month = {February}

}

@Misc{kvm,
  author =        {KVM},
  title =         {http://www.linux-kvm.org/},
  __markedentry = {[myu:]}
}

@book{Ligh2014,
 author = {Ligh, Michael Hale and Case, Andrew and Levy, Jamie and Walters, Aaron},
 title = {The Art of Memory Forensics: Detecting Malware and Threats in Windows, Linux, and Mac Memory},
 year = {2014},
 isbn = {1118825098, 9781118825099},
 edition = {1st},
 publisher = {Wiley Publishing},
}

@InProceedings{LiMcCuneNewsomeEtAl2014,
  author =        {Yanlin Li and Jonathan McCune and James Newsome and Adrian Perrig and Brandon Baker and Will Drewry},
  title =         {MiniBox: A Two-Way Sandbox for x86 Native Code},
  booktitle =     {2014 USENIX Annual Technical Conference (USENIX ATC 14)},
  year =          {2014},
  pages =         {409--420},
  address =       {Philadelphia, PA},
  month =         Jun,
  publisher =     {USENIX Association},
  __markedentry = {[myu:6]},
  isbn =          {978-1-931971-10-2},
  url =           {https://www.usenix.org/conference/atc14/technical-sessions/presentation/li_yanlin}
} 

@incollection{Lindell09,
  author    = {Yehuda Lindell},
  title     = {Secure Computation for Privacy Preserving Data Mining},
  booktitle = {Encyclopedia of Data Warehousing and Mining, Second Edition {(4} Volumes)},
  pages     = {1747--1752},
  year      = {2009},

}

@Article{linuxbios,
  author =        {Biederman, Eric},
  title =         {Kernel korner: About LinuxBIOS},
  journal =       {Linux J.},
  year =          {2001},
  volume =        {2001},
  number =        {92},
  pages =         {7--},
  month =         dec,
  __markedentry = {[myu:]},
  acmid =         {512627},
  address =       {Houston, TX},
  issn =          {1075-3583},
  issue_date =    {December 2001},
  publisher =     {Belltown Media},
  url =           {http://dl.acm.org/citation.cfm?id=512620.512627}
}

@InProceedings{Litty2009,
  author =        {Litty, Lionel and Lagar-Cavilla, H. Andr{\'e}s and Lie, David},
  title =         {Computer meteorology: monitoring compute clouds},
  booktitle =     {Proceedings of the 12th conference on Hot topics in operating systems},
  year =          {2009},
  series =        {HotOS'09},
  pages =         {4--4},
  address =       {Berkeley, CA, USA},
  publisher =     {USENIX Association},
  __markedentry = {[myu:]},
  acmid =         {1855572},
  location =      {Monte Verit\&\#224;, Switzerland},
  numpages =      {1},
  url =           {http://dl.acm.org/citation.cfm?id=1855568.1855572}
}

@InProceedings{lmbench,
  author =        {McVoy, Larry and Staelin, Carl},
  title =         {lmbench: portable tools for performance analysis},
  booktitle =     {Proceedings of the 1996 annual conference on USENIX Annual Technical Conference},
  year =          {1996},
  series =        {ATEC '96},
  pages =         {23--23},
  address =       {Berkeley, CA, USA},
  publisher =     {USENIX Association},
  __markedentry = {[myu:]},
  acmid =         {1268322},
  location =      {San Diego, CA},
  numpages =      {1},
  url =           {http://dl.acm.org/citation.cfm?id=1268299.1268322}
}

@InProceedings{maintenance,
  author =        {Bleikertz, S\"{o}ren and Kurmus, Anil and Nagy, Zolt\'{a}n A. and Schunter, Matthias},
  title =         {Secure cloud maintenance: protecting workloads against insider attacks},
  booktitle =     {Proceedings of the 7th ACM Symposium on Information, Computer and Communications Security},
  year =          {2012},
  series =        {ASIACCS '12},
  pages =         {83--84},
  address =       {New York, NY, USA},
  publisher =     {ACM},
  __markedentry = {[myu:]},
  acmid =         {2414505},
  doi =           {10.1145/2414456.2414505},
  isbn =          {978-1-4503-1648-4},
  location =      {Seoul, Korea},
  numpages =      {2},
  url =           {http://doi.acm.org/10.1145/2414456.2414505}
}

@InProceedings{MAVMM,
  author =        {Nguyen, A.M. and Schear, N. and Jung, H.D. and Godiyal, A. and King, S.T. and Nguyen, H.D.},
  title =         {Mavmm: Lightweight and purpose built vmm for malware analysis},
  booktitle =     {Computer Security Applications Conference, 2009. ACSAC'09. Annual},
  year =          {2009},
  pages =         {441--450},
  organization =  {IEEE},
  __markedentry = {[myu:]}
} 


@inproceedings{memoir,
 author = {Parno, Bryan and Lorch, Jacob R. and Douceur, John R. and Mickens, James and McCune, Jonathan M.},
 title = {Memoir: Practical State Continuity for Protected Modules},
 booktitle = {Proceedings of the 2011 IEEE Symposium on Security and Privacy},
 series = {SP '11},
 year = {2011},
 isbn = {978-0-7695-4402-1},
 pages = {379--394},
 numpages = {16},
 url = {http://dx.doi.org/10.1109/SP.2011.38},
 doi = {10.1109/SP.2011.38},
 acmid = {2006777},
 publisher = {IEEE Computer Society},
 address = {Washington, DC, USA},
}

@Misc{mle,
  author =        {{Intel Coperation}},
  title =         {IntelÂ® Trusted Execution Technology},
  year =          {2011},
  __markedentry = {[myu:]}
}

@Article{modelchecking,
  author =        {Jhala, Ranjit and Majumdar, Rupak},
  title =         {Software model checking},
  journal =       {ACM Comput. Surv.},
  year =          {2009},
  volume =        {41},
  number =        {4},
  pages =         {21:1--21:54},
  month =         oct,
  __markedentry = {[myu:]},
  acmid =         {1592438},
  address =       {New York, NY, USA},
  articleno =     {21},
  doi =           {10.1145/1592434.1592438},
  issn =          {0360-0300},
  issue_date =    {October 2009},
  keywords =      {Software model checking, abstraction, counterexample-guided refinement, enumerative and symbolic model checking, liveness, safety},
  numpages =      {54},
  publisher =     {ACM},
  url =           {http://doi.acm.org/10.1145/1592434.1592438}
}

@InProceedings{murray2008,
  author =        {Murray, D.G. and Milos, G. and Hand, S.},
  title =         {Improving Xen security through disaggregation},
  booktitle =     {Proceedings of the fourth ACM SIGPLAN/SIGOPS international conference on Virtual execution environments},
  year =          {2008},
  pages =         {151--160},
  organization =  {ACM},
  __markedentry = {[myu:]}
} 

@article{ngscb,
 author = {England, Paul and Lampson, Butler and Manferdelli, John and Peinado, Marcus and Willman, Bryan},
 title = {A Trusted Open Platform},
 journal = {Computer},
 issue_date = {July 2003},
 volume = {36},
 number = {7},
 month = jul,
 year = {2003},
 issn = {0018-9162},
 pages = {55--62},
} 

@INPROCEEDINGS{nitro,
  author = {J. Pfoh and C. Schneider and C. Eckert},
  title = { Nitro: Hardware-based system call tracing for virtual machines},
  booktitle = {Proceedings of the 6th International Conference on Advances in Information and Computer Security (IWSEC)},
  year = {2011},
  pages = {96--112},
}

@InProceedings{nohype,
  author =        {Keller, E. and Szefer, J. and Rexford, J. and Lee, R.B.},
  title =         {NoHype: virtualized cloud infrastructure without the virtualization},
  booktitle =     {ACM SIGARCH Computer Architecture News},
  year =          {2010},
  volume =        {38},
  number =        {3},
  pages =         {350--361},
  organization =  {ACM},
  __markedentry = {[myu:]}
}

@inproceedings{nova,
 author = {Steinberg, Udo and Kauer, Bernhard},
 title = {NOVA: A Microhypervisor-based Secure Virtualization Architecture},
 booktitle = {Proceedings of the 5th European Conference on Computer Systems},
 series = {EuroSys '10},
 year = {2010},
 isbn = {978-1-60558-577-2},
 location = {Paris, France},
 pages = {209--222},

}

@article{nova2,
 author = {Heiser, Gernot and Uhlig, Volkmar and LeVasseur, Joshua},
 title = {Are Virtual-machine Monitors Microkernels Done Right?},
 journal = {SIGOPS Oper. Syst. Rev.},
 issue_date = {January 2006},
 volume = {40},
 number = {1},
 month = jan,
 year = {2006},
 issn = {0163-5980},
 pages = {95--99},

}

@Misc{oneops,
  author =       {WalmartLabs},
  title =        {http://www.oneops.com/},
  organization = {WalmartLabs}
}

@Misc{openshift,
  author =       {Redhat},
  title =        {https://www.openshift.com/},
  organization = {Redhat}
} 
@INPROCEEDINGS{overshadow,
  author = {Xioaxin Chen and Tal Garfinkel and E. Christopher Lewis and Pratap Subrahmanyam and Carl A. Waldspurger and Dan Boneh and Jeffery Dwoskin and Dan R. K. Ports},
  title = {Overshadow: A virtualization-based approach to retrofitting protection in commodity operating systems},
  booktitle = {In ASPLOS},
  year = {2008},
  month = May,
}

@article{Popek1974,
 author = {Popek, Gerald J. and Goldberg, Robert P.},
 title = {Formal Requirements for Virtualizable Third Generation Architectures},
 journal = {Commun. ACM},
 issue_date = {July 1974},
 volume = {17},
 number = {7},
 month = jul,
 year = {1974},
 issn = {0001-0782},
 pages = {412--421},
 numpages = {10},
 url = {http://doi.acm.org/10.1145/361011.361073},
 doi = {10.1145/361011.361073},
 acmid = {361073},
 publisher = {ACM},
 address = {New York, NY, USA},
 keywords = {abstract model, formal requirements, hypervisor, operating system, proof, sensitive instruction, third generation architecture, virtual machine, virtual machine monitor, virtual memory},
}

@InProceedings{PortsGarfinkel2008,
  author =        {Ports, Dan R. K. and Garfinkel, Tal},
  title =         {Towards Application Security on Untrusted Operating Systems},
  booktitle =     {Proceedings of the 3rd Conference on Hot Topics in Security},
  year =          {2008},
  series =        {HOTSEC'08},
  pages =         {1:1--1:7},
  address =       {Berkeley, CA, USA},
  publisher =     {USENIX Association},
  __markedentry = {[myu:6]},
  acmid =         {1496672},
  articleno =     {1},
  location =      {San Jose, CA},
  numpages =      {7},
  url =           {http://dl.acm.org/citation.cfm?id=1496671.1496672}
}

@Article{price2008,
  author =        {Price, M.},
  title =         {The Paradox of Security in Virtual Environments},
  journal =       {Computer},
  year =          {2008},
  volume =        {41},
  number =        {11},
  pages =         {22 -28},
  month =         {nov. },
  __markedentry = {[myu:]},
  doi =           {10.1109/MC.2008.472},
  issn =          {0018-9162},
  keywords =      {OS-level security vulnerability;VMM thin software layer;host system;hypervisor;software abstraction;virtual environment security;virtual machine monitor;virtualization;operating systems (computers);security of data;virtual machines;}
}

@InProceedings{probing,
  author =        {Anderson, Ross and Kuhn, Markus},
  title =         {Tamper resistance: a cautionary note},
  booktitle =     {Proceedings of the 2nd conference on Proceedings of the Second USENIX Workshop on Electronic Commerce - Volume 2},
  year =          {1996},
  series =        {WOEC'96},
  pages =         {1--1},
  address =       {Berkeley, CA, USA},
  publisher =     {USENIX Association},
  __markedentry = {[myu:]},
  acmid =         {1267168},
  location =      {Oakland, California},
  numpages =      {1},
  url =           {http://dl.acm.org/citation.cfm?id=1267167.1267168}
}

@inproceedings{probing,
  author    = {Yuval Ishai and
               Amit Sahai and
               David Wagner},
  title     = {Private Circuits: Securing Hardware against Probing Attacks},
  booktitle = {Advances in Cryptology - {CRYPTO} 2003, 23rd Annual International
               Cryptology Conference, Santa Barbara, California, USA, August 17-21,
               2003, Proceedings},
  pages     = {463--481},
  year      = {2003}

}

@INPROCEEDINGS{proxos,
  author = {Richard Ta-Min and Lionel Litty and David Lie},
  title = {Splitting interfaces: making trust between applications and operating system configurable},
  booktitle = {Proceedings of the 7th symposium on Operating systems design and implementation},
  year = {2006},
  series = {OSDI '06},
  pages = {279--292},
  address = {Berkeley, CA, USA},
  publisher = {USENIX Association},
}

@Article{reduc_tcb,
  author =        {Singaravelu, Lenin and Pu, Calton and H\"{a}rtig, Hermann and Helmuth, Christian},
  title =         {Reducing TCB complexity for security-sensitive applications: three case studies},
  journal =       {SIGOPS Oper. Syst. Rev.},
  year =          {2006},
  volume =        {40},
  number =        {4},
  pages =         {161--174},
  month =         apr,
  __markedentry = {[myu:]},
  acmid =         {1217951},
  address =       {New York, NY, USA},
  doi =           {10.1145/1218063.1217951},
  issn =          {0163-5980},
  issue_date =    {October 2006},
  keywords =      {application security, trusted computing base},
  numpages =      {14},
  publisher =     {ACM},
  url =           {http://doi.acm.org/10.1145/1218063.1217951}
}

@Misc{sb800rrg,
  author =        {{AMD Inc.}},
  title =         {{AMD SB800-Series Southbridges Register Reference Guide}},
  month =         {May},
  year =          {2011},
  __markedentry = {[myu:]}
}

@inproceedings{secureme,
 author = {Chhabra, Siddhartha and Rogers, Brian and Solihin, Yan and Prvulovic, Milos},
 title = {SecureME: A Hardware-software Approach to Full System Security},
 booktitle = {Proceedings of the International Conference on Supercomputing},
 series = {ICS '11},
 year = {2011},
 isbn = {978-1-4503-0102-2},
 location = {Tucson, Arizona, USA},
 pages = {108--119},
 
}

@InProceedings{secureswitch,
  author =        {Sun, K. and Wang, J. and Zhang, F. and Stavrou, A.},
  title =         {Secureswitch: Bios-assisted isolation and switch between trusted and untrusted commodity oses},
  booktitle =     {Proceedings of the 19th Annual Network and Distributed System Security Symposium},
  year =          {2012},
  __markedentry = {[myu:]}
} 

@INPROCEEDINGS{sel4,
    author = {Gerwin Klein and Kevin Elphinstone and Gernot Heiser and June Andronick and David Cock and Philip Derrin and Dhammika Elkaduwe and Kai Engelhardt and Rafal Kolanski and Michael Norrish and Thomas Sewell and Harvey Tuch and Simon Winwood},
    title = {seL4: Formal Verification of an OS Kernel},
    booktitle = {ACM SYMPOSIUM ON OPERATING SYSTEMS PRINCIPLES},
    year = {2009},
    pages = {207--220},
    publisher = {ACM},
}

@misc{sgx,
	howpublished = {{https://software.intel.com/sites/default/files/329298-001.pdf}},
	Url = {{https://software.intel.com/sites/default/files/329298-001.pdf}},
	title = {{Intel SGX}},
	tags = "SGX"
}

@INPROCEEDINGS{shield,
  author = {Yueqiang Cheng and Xuhua Ding and Robert H. Deng},
  title = {AppShield: Protecting applications against untrusted operating system},
  booktitle = {Singaport Management University Technical Report},
  year = {2013},
  series = {smu-sis-13-101},
}

@InProceedings{sice2011,
  author =        {Azab, A.M. and Ning, P. and Zhang, X.},
  title =         {SICE: a hardware-level strongly isolated computing environment for x86 multi-core platforms},
  booktitle =     {Proceedings of the 18th ACM conference on Computer and communications security},
  year =          {2011},
  pages =         {375--388},
  organization =  {ACM},
  __markedentry = {[myu:]}
}

@InProceedings{sidechannel,
  author =        {Ristenpart, Thomas and Tromer, Eran and Shacham, Hovav and Savage, Stefan},
  title =         {Hey, you, get off of my cloud: exploring information leakage in third-party compute clouds},
  booktitle =     {Proceedings of the 16th ACM conference on Computer and communications security},
  year =          {2009},
  series =        {CCS '09},
  pages =         {199--212},
  address =       {New York, NY, USA},
  publisher =     {ACM},
  __markedentry = {[myu:]},
  acmid =         {1653687},
  doi =           {10.1145/1653662.1653687},
  isbn =          {978-1-60558-894-0},
  keywords =      {cloud computing, side channels, virtual machine security},
  location =      {Chicago, Illinois, USA},
  numpages =      {14},
  url =           {http://doi.acm.org/10.1145/1653662.1653687}
} 

@INPROCEEDINGS{smmrootkit,
author={Schiffman, Joshua and Kaplan, David},
booktitle={Availability, Reliability and Security (ARES), 2014 Ninth International Conference on},
title={The SMM Rootkit Revisited: Fun with USB},
year={2014},
month={Sept},
pages={279-286},
keywords={Hardware;Kernel;Keyboards;Linux;Program processors;Registers;Universal Serial Bus;Computer security;Embedded software;Universal Serial Bus},
doi={10.1109/ARES.2014.44},}

@Manual{sony_attack,
  title =         {Sony PlayStation Network attack shows Amazon EC2 a hackers' paradise},
  author =        {Bagh, Carl},
  year =          {2011},
  note =          {\url{http://www.ibtimes.com/articles/146224/20110516/}},
  __markedentry = {[myu:]}
}

@INPROCEEDINGS{sp3,
  author = {Jisoo Yang and Kang G. Shin},
  title = {Using hypervisor to provide data secrecy for user applications on a per-page basis},
  booktitle = {Proceedings of the fourth ACM SIGPLAN/SIGOPS international conference on Virtual execution environments},
  year = {2008},
  series = {VEE '08},
  pages = {71--80},
  address = {New York, NY, USA},
  publisher = {ACM},
}

@InCollection{splitvisor,
  author =        {Pan, Wuqiong and Zhang, Yulong and Yu, Meng and Jing, Jiwu},
  title =         {Improving Virtualization Security by Splitting Hypervisor into Smaller Components},
  booktitle =     {Data and Applications Security and Privacy XXVI},
  publisher =     {Springer Berlin Heidelberg},
  year =          {2012},
  editor =        {Cuppens-Boulahia, Nora and Cuppens, FrÃ©dÃ©ric and Garcia-Alfaro, Joaquin},
  volume =        {7371},
  series =        {Lecture Notes in Computer Science},
  pages =         {298-313},
  __markedentry = {[myu:]},
  doi =           {10.1007/978-3-642-31540-4_23},
  isbn =          {978-3-642-31539-8},
  keywords =      {VMM; Hypervisor; Cloud computing; TCB},
  url =           {http://dx.doi.org/10.1007/978-3-642-31540-4_23}
}

@Misc{sriov,
  author =        {{Intel Corporation}},
  title =         {{Intel\textsuperscript{\textregistered} PCI-SIG SR-IOV Primer: An Introduction to SR-IOV Technology}},
  month =         {January},
  year =          {2011},
  __markedentry = {[myu:]},
  number =        {321211-002}
}

@InProceedings{szefer2011,
  author =        {Szefer, J. and Keller, E. and Lee, R.B. and Rexford, J.},
  title =         {Eliminating the hypervisor attack surface for a more secure cloud},
  booktitle =     {Proceedings of the 18th ACM conference on Computer and communications security},
  year =          {2011},
  pages =         {401--412},
  organization =  {ACM},
  __markedentry = {[myu:]}
}

@InProceedings{tamper,
  author =        {Anderson, R. and Kuhn, M.},
  title =         {Tamper resistance-a cautionary note},
  booktitle =     {Proceedings of the second Usenix workshop on electronic commerce},
  year =          {1996},
  volume =        {2},
  pages =         {1--11},
  __markedentry = {[myu:]}
}
@inproceedings{terra,
 author = {Garfinkel, Tal and Pfaff, Ben and Chow, Jim and Rosenblum, Mendel and Boneh, Dan},
 title = {Terra: A Virtual Machine-based Platform for Trusted Computing},
 booktitle = {Proceedings of the Nineteenth ACM Symposium on Operating Systems Principles},
 series = {SOSP '03},
 year = {2003},
 isbn = {1-58113-757-5},
 location = {Bolton Landing, NY, USA},
 pages = {193--206},

}


@misc{tpm,
	howpublished = {{http://www.trustedcomputinggroup.org/developers/trusted platform module}},
	Url = {{http://www.trustedcomputinggroup.org/developers/trusted platform module}},
	title = {{Trusted Platform Module}},
	tags = "TPM"
} 

@INPROCEEDINGS{trustvisor,
author={McCune, J.M. and Yanlin Li and Ning Qu and Zongwei Zhou and Datta, A. and Gligor, V. and Perrig, A.},
booktitle={Security and Privacy (SP), 2010 IEEE Symposium on},
title={TrustVisor: Efficient TCB Reduction and Attestation},
year={2010},
month={May},
pages={143-158},
keywords={Algorithm design and analysis;Arm;Circuit testing;Computer security;Costs;Hardware;Logic;Privacy;Process design;Runtime;Attestation;Integrity Measurement;Minimal TCB;TPM;Trusted Computing;Virtualization},
doi={10.1109/SP.2010.17},
ISSN={1081-6011},}



@inproceedings{turtles,
 author = {Ben-Yehuda, Muli and Day, Michael D. and Dubitzky, Zvi and Factor, Michael and Har'El, Nadav and Gordon, Abel and Liguori, Anthony and Wasserman, Orit and Yassour, Ben-Ami},
 title = {The Turtles Project: Design and Implementation of Nested Virtualization},
 booktitle = {Proceedings of the 9th USENIX Conference on Operating Systems Design and Implementation},
 series = {OSDI'10},
 year = {2010},
 location = {Vancouver, BC, Canada},
 pages = {1--6},
 numpages = {6}

} 

@misc{txt,
	howpublished = {{http://www.intel.com/content/dam/www/public/us/en/documents/guides/intel-txt-software-development-guide.pdf}},
	Url = {{http://www.intel.com/content/dam/www/public/us/en/documents/guides/intel-txt-software-development-guide.pdf}},
	title = {{Intel Trusted Execution Technology}},
	tags = "Intel TXT"
}

@InProceedings{VaradarajanZhangRistenpartEtAl2015,
  author =    {Venkatanathan Varadarajan and Yinqian Zhang and Thomas Ristenpart and Michael Swift},
  title =     {A Placement Vulnerability Study in Multi-Tenant Public Clouds},
  booktitle = {24th USENIX Security Symposium (USENIX Security 15)},
  year =      {2015},
  pages =     {913--928},
  address =   {Washington, D.C.},
  month =     Aug,
  publisher = {USENIX Association},
  isbn =      {978-1-931971-232},
  url =       {https://www.usenix.org/conference/usenixsecurity15/technical-sessions/presentation/varadarajan}
}

@Misc{virtunoid2011,
  author =        {Elhage, N.},
  title =         {Virtunoid: Breaking out of KVM},
  year =          {2011},
  __markedentry = {[myu:]},
  publisher =     {Defcon}
}

@Misc{vmware,
  author =        {VMware},
  title =         {http://www.vmware.com/},
  __markedentry = {[myu:]}
}

@Manual{vmware_vul,
  title =         {Vulnerability report: Vmware esx server 3.x},
  organization =  {Secunia},
  note =          {\url{http://secunia.com/advisories/product/10757/}},
  __markedentry = {[myu:]}
}

@Manual{vtd,
  title =         {{Intel\textsuperscript{\textregistered} Virtualization Technology Specification for Directed I/O Specification}},
  organization =  {{Intel Corporation}},
  note =          {\url{www.intel.com/technology/vt/}},
  __markedentry = {[myu:]}
}

@InProceedings{vtpm,
  author =        {Stefan Berger and RamÃ³n CÃ¡ceres and Kenneth A. Goldman and Ronald Perez and Reiner Sailer and Leendert Doorn},
  title =         {vTPM: Virtualizing the trusted platform module},
  booktitle =     {In USENIX Security},
  year =          {2006},
  pages =         {305--320},
  __markedentry = {[myu:]}
} 

@inproceedings{Wang2007,
 author = {Wang, Zhenghong and Lee, Ruby B.},
 title = {New Cache Designs for Thwarting Software Cache-based Side Channel Attacks},
 booktitle = {Proceedings of the 34th Annual International Symposium on Computer Architecture},
 series = {ISCA '07},
 year = {2007},
 isbn = {978-1-59593-706-3},
 location = {San Diego, California, USA},
 pages = {494--505},
 numpages = {12}
}

@INPROCEEDINGS{wojtczuk,
author = {R. Wojtczuk and J. Rutkowska},
title = { Attacking Intel Trusted Execution Technology},
booktitle = { In Black Hat DC},
year = { 2009},
month = {Febuary}
}

@InProceedings{Wojtczuk2008,
  author =        { Wojtczuk,R and Rutkowska,J},
  title =         {Xen 0wning trilogy},
  booktitle =     {Black Hat Conference},
  year =          {2008},
  __markedentry = {[myu:]}
}

@Article{wojtczuk2009,
  author =        {Wojtczuk, R. and Rutkowska, J.},
  title =         {Attacking SMM memory via Intel CPU cache poisoning},
  journal =       {Invisible Things Lab},
  year =          {2009},
  __markedentry = {[myu:]}
}

@Misc{xen,
  author =        {Xen},
  title =         {http://www.xen.org/},
  __markedentry = {[myu:]}
}

@Manual{xen_vul,
  title =         {Xen multiple vulnerability report},
  organization =  {Secunia},
  note =          {\url{http://secunia.com/advisories/44502/}},
  __markedentry = {[myu:]}
}

@Article{xen-blanket,
  author =        {Williams, D. and Jamjoom, H. and Weatherspoon, H.},
  title =         {The Xen-Blanket: virtualize once, run everywhere},
  journal =       {ACM EuroSys},
  year =          {2012},
  __markedentry = {[myu:]}
} 

@inproceedings{xom,
 author = {Lie, David and Thekkath, Chandramohan A. and Horowitz, Mark},
 title = {Implementing an Untrusted Operating System on Trusted Hardware},
 booktitle = {Proceedings of the Nineteenth ACM Symposium on Operating Systems Principles},
 series = {SOSP '03},
 year = {2003},
 isbn = {1-58113-757-5},
 location = {Bolton Landing, NY, USA},
 pages = {178--192},
 
}

@InProceedings{XuCuiPeinado2015,
  author =        {Yuanzhong Xu and Weidong Cui and Marcus Peinado},
  title =         {Controlled-Channel Attacks: Deterministic Side Channels for Untrusted Operating Systems},
  booktitle =     {Proceedings of the 36th IEEE Symposium on Security and Privacy (Oakland)},
  year =          {2015},
  month =         {May},
  publisher =     {Institute of Electrical and Electronics Engineers},
  __markedentry = {[myu:6]},
  url =           {http://research.microsoft.com/apps/pubs/default.aspx?id=246400}
}

@InProceedings{XuWangWu2015,
  author =    {Zhang Xu and Haining Wang and Zhenyu Wu},
  title =     {A Measurement Study on Co-residence Threat inside the Cloud},
  booktitle = {24th USENIX Security Symposium (USENIX Security 15)},
  year =      {2015},
  pages =     {929--944},
  address =   {Washington, D.C.},
  month =     Aug,
  publisher = {USENIX Association},
  isbn =      {978-1-931971-232},
  url =       {https://www.usenix.org/conference/usenixsecurity15/technical-sessions/presentation/xu}
}

@inproceedings{Yao82,
  author    = {Andrew Chi{-}Chih Yao},
  title     = {Protocols for Secure Computations (Extended Abstract)},
  booktitle = {23rd Annual Symposium on Foundations of Computer Science, Chicago,
               Illinois, USA, 3-5 November 1982},
  pages     = {160--164},
  year      = {1982},

}

@InProceedings{YaromFalkner2014,
  author =        {Yuval Yarom and Katrina Falkner},
  title =         {FLUSH+RELOAD: A High Resolution, Low Noise, L3 Cache Side-Channel Attack},
  booktitle =     {23rd USENIX Security Symposium (USENIX Security 14)},
  year =          {2014},
  pages =         {719--732},
  address =       {San Diego, CA},
  month =         Aug,
  publisher =     {USENIX Association},
  __markedentry = {[myu:6]},
  isbn =          {978-1-931971-15-7},
  url =           {https://www.usenix.org/conference/usenixsecurity14/technical-sessions/presentation/yarom}
}

@InProceedings{ZhaLiZangEtAl2015,
  author =    {Zha, Zili and Li, Min and Zang, Wanyu and Yu, Meng and Chen, Songqing},
  title =     {AppGuard: A Hardware Virtualization Based Approach on Protecting User Applications from Untrusted Commodity Operating System},
  booktitle = {International Conference on Computing, Networking and Communications},
  year =      {2015}
}

@InProceedings{ZhangJuelsReiterEtAl2014,
  author =        {Zhang, Yinqian and Juels, Ari and Reiter, Michael K. and Ristenpart, Thomas},
  title =         {Cross-Tenant Side-Channel Attacks in PaaS Clouds},
  booktitle =     {Proceedings of the 2014 ACM SIGSAC Conference on Computer and Communications Security},
  year =          {2014},
  series =        {CCS '14},
  pages =         {990--1003},
  address =       {New York, NY, USA},
  publisher =     {ACM},
  __markedentry = {[myu:6]},
  acmid =         {2660356},
  doi =           {10.1145/2660267.2660356},
  isbn =          {978-1-4503-2957-6},
  keywords =      {cache-based side channels, cloud security, platform-as-a-service, side-channel attacks},
  location =      {Scottsdale, Arizona, USA},
  numpages =      {14},
  url =           {http://doi.acm.org/10.1145/2660267.2660356}
}

@Article{zhou2011,
  author =        {Zhou, F. and Goel, M. and Desnoyers, P. and Sundaram, R.},
  title =         {Scheduler vulnerabilities and attacks in cloud computing},
  journal =       {arXiv preprint arXiv:1103.0759},
  year =          {2011},
  __markedentry = {[myu:]}
}

@Article{,
} 
